%% LaTeX2e file `references.bib'
%% generated by the `filecontents' environment
%% from source `template' on 2024/08/20.
%%
@article{lu2024aiscientist,
  title={The {AI} {S}cientist: Towards Fully Automated Open-Ended Scientific Discovery},
  author={Lu, Chris and Lu, Cong and Lange, Robert Tjarko and Foerster, Jakob and Clune, Jeff and Ha, David},
  journal={arXiv preprint arXiv:2408.06292},
  year={2024}
}


@Article{Macneil2023PromptMM,
 author = {S. Macneil and Andrew Tran and Joanne Kim and Ziheng Huang and Seth Bernstein and Dan Mogil},
 booktitle = {arXiv.org},
 journal = {ArXiv},
 title = {Prompt Middleware: Mapping Prompts for Large Language Models to UI Affordances},
 volume = {abs/2307.01142},
 year = {2023}
}


@Article{Ayele2022ATF,
 author = {W. Ayele},
 booktitle = {arXiv.org},
 journal = {ArXiv},
 title = {A toolbox for idea generation and evaluation: Machine learning, data-driven, and contest-driven approaches to support idea generation},
 volume = {abs/2205.09840},
 year = {2022}
}


@Article{Brown2020LanguageMA,
 author = {Tom B. Brown and Benjamin Mann and Nick Ryder and Melanie Subbiah and J. Kaplan and Prafulla Dhariwal and Arvind Neelakantan and Pranav Shyam and Girish Sastry and Amanda Askell and Sandhini Agarwal and Ariel Herbert-Voss and Gretchen Krueger and T. Henighan and R. Child and A. Ramesh and Daniel M. Ziegler and Jeff Wu and Clemens Winter and Christopher Hesse and Mark Chen and Eric Sigler and Ma-teusz Litwin and S. Gray and B. Chess and Jack Clark and Christopher Berner and Sam McCandlish and Alec Radford and I. Sutskever and Dario Amodei},
 booktitle = {Neural Information Processing Systems},
 journal = {ArXiv},
 title = {Language Models are Few-Shot Learners},
 volume = {abs/2005.14165},
 year = {2020}
}


@Article{Swamy2023ContextualDP,
 author = {Sandesh Swamy and N. Tabari and Chacha Chen and Rashmi Gangadharaiah},
 booktitle = {Conference of the European Chapter of the Association for Computational Linguistics},
 pages = {3094-3103},
 title = {Contextual Dynamic Prompting for Response Generation in Task-oriented Dialog Systems},
 year = {2023}
}


@Inproceedings{Murphy2017SupportingNE,
 author = {Laura R. Murphy and S. Daly and Seda McKilligan and C. Seifert},
 title = {Supporting novice engineers in idea generation using Design Heuristics},
 year = {2017}
}


@Article{Tony2024PromptingTF,
 author = {Catherine Tony and Nicol'as E. D'iaz Ferreyra and Markus Mutas and Salem Dhiff and Riccardo Scandariato},
 booktitle = {arXiv.org},
 journal = {ArXiv},
 title = {Prompting Techniques for Secure Code Generation: A Systematic Investigation},
 volume = {abs/2407.07064},
 year = {2024}
}

